<record><leader>00000cas a22000007a 4500</leader><controlfield tag="001">13364537</controlfield><controlfield tag="008">860331d18811922inuwr ne      0    0eng d</controlfield><datafield ind1=" " ind2=" " tag="010"><subfield code="a">sn 86058435 </subfield></datafield><datafield ind1=" " ind2=" " tag="040"><subfield code="a">NPI</subfield><subfield code="b">eng</subfield><subfield code="c">NPI</subfield><subfield code="d">OCLCQ</subfield></datafield><datafield ind1=" " ind2=" " tag="042"><subfield code="a">msc</subfield></datafield><datafield ind1="0" ind2="0" tag="245"><subfield code="a">Brazil weekly Democrat.</subfield></datafield><datafield ind1=" " ind2=" " tag="260"><subfield code="a">Brazil, Ind. :</subfield><subfield code="b">W.H. Glidwell</subfield></datafield><datafield ind1=" " ind2=" " tag="300"><subfield code="a">v. :</subfield><subfield code="b">ill. ;</subfield><subfield code="c">57 cm.</subfield></datafield><datafield ind1="1" ind2=" " tag="362"><subfield code="a">Began on Feb. 15, 1881.</subfield><subfield code="z">Cf. Miller, John W. Indiana newspaper bibliog.</subfield></datafield><datafield ind1="1" ind2=" " tag="362"><subfield code="a">Ceased in 1922.</subfield><subfield code="z">Cf. Ayer, N.W. &amp; Sons American newspaper annual and directory.</subfield></datafield><datafield ind1=" " ind2=" " tag="580"><subfield code="a">Published also in a daily edition called: 1901-1908, Brazil daily Democrat?; 1909-1920, Brazil daily news; 1921-1922, Brazil daily times.</subfield></datafield><datafield ind1=" " ind2=" " tag="588"><subfield code="a">Description based on: Vol. 28, no. 15 (July 17, 1907).</subfield></datafield><datafield ind1=" " ind2=" " tag="752"><subfield code="a">United States</subfield><subfield code="b">Indiana</subfield><subfield code="c">Clay</subfield><subfield code="d">Brazil.</subfield></datafield><datafield ind1="1" ind2=" " tag="775"><subfield code="t">Brazil daily Democrat</subfield></datafield><datafield ind1="1" ind2=" " tag="775"><subfield code="t">Brazil daily news</subfield><subfield code="w">(DLC)sn 86058433</subfield></datafield><datafield ind1="1" ind2=" " tag="775"><subfield code="t">Brazil daily times</subfield><subfield code="w">(DLC)sn 86058431</subfield></datafield><datafield ind1="0" ind2="0" tag="780"><subfield code="t">Brazil Democrat</subfield><subfield code="w">(DLC)sn 89099034</subfield></datafield><datafield ind1="1" ind2=" " tag="029"><subfield code="a">AU@</subfield><subfield code="b">000025802331</subfield></datafield></record>